@Literal{kirtsaeng2016,
      text         = {Kirtsaeng v. John Wiley \& Sons, Inc., 568 U.S. 519 (2013)},
      firstkey     = {\emph{Kirtsaeng v. John Wiley \& Sons, Inc.}},
      key          = {\emph{Kirtsaeng v. John Wiley \& Sons, Inc.}},
      year         = {2013}
      url          = {https://www.supremecourt.gov/opinions/12pdf/11-697_4g15.pdf}
}

@misc{fisher2013,
    author    = {Daniel Fisher},
    title     = {Supreme Court Upholds Right To Sell Foreign-Published Books},
    url       = {https://www.forbes.com/sites/danielfisher/2013/03/19/supreme-court-upholds-right-to-sell-foreign-published-books/#791960e52ef6"}
    year  = {2013}
}

@book{latexcompanion,
    author    = "Michel Goossens and Frank Mittelbach and Alexander Samarin",
    title     = "The \LaTeX\ Companion",
    year      = "1993",
    publisher = "Addison-Wesley",
    address   = "Reading, Massachusetts"
}
